<?xml version = "1.0" encoding = "UTF-8"?><OAI-PMH xmlns="http://www.openarchives.org/OAI/2.0/" xmlns:xsi="http://www.w3.org/2001/XMLSchema-instance" xsi:schemaLocation="http://www.openarchives.org/OAI/2.0/ http://www.openarchives.org/OAI/2.0/OAI-PMH.xsd"><ListRecords><record><header><identifier>aleph-publish:017360778</identifier></header><metadata><record xmlns="http://www.ddb.de/professionell/mabxml/mabxml-1.xsd"><leader>02187nM2.01200024------h</leader><controlfield tag="LDR">02187nM2.01200024------h</controlfield><controlfield tag="FMT">MH</controlfield><datafield tag="001" ind1="-" ind2="1"><subfield code="a">HT015844659</subfield></datafield><datafield tag="002" ind1="a" ind2="1"><subfield code="a">20090225</subfield></datafield><datafield tag="003" ind1="-" ind2="1"><subfield code="a">20210409020859.0</subfield></datafield><datafield tag="020" ind1="b" ind2="1"><subfield code="a">262030039</subfield></datafield><datafield tag="025" ind1="o" ind2="1"><subfield code="a">315766831</subfield></datafield><datafield tag="026" ind1="-" ind2="1"><subfield code="a">BSZ262030039</subfield></datafield><controlfield tag="030">a|1uc||||||37</controlfield><datafield tag="037" ind1="b" ind2="1"><subfield code="a">eng</subfield></datafield><datafield tag="037" ind1="z" ind2="1"><subfield code="a">engl.</subfield></datafield><controlfield tag="050">a|||||||||||||</controlfield><controlfield tag="051">m|||||||</controlfield><datafield tag="064" ind1="a" ind2="1"><subfield code="a">Ausstellungskatalog</subfield><subfield code="9">(DE-588)4135467-9</subfield><subfield code="y">2005</subfield><subfield code="z">Toronto</subfield></datafield><datafield tag="070" ind1="-" ind2="1"><subfield code="a">Kn 3</subfield></datafield><datafield tag="070" ind1="b" ind2="1"><subfield code="a">Kn 3</subfield></datafield><datafield tag="080" ind1="-" ind2="1"><subfield code="a">60</subfield></datafield><datafield tag="100" ind1="b" ind2="1"><subfield code="p">Milne, David</subfield><subfield code="d">1882-1953</subfield><subfield code="b">[Ill.]</subfield><subfield code="9">(DE-588)119439735</subfield></datafield><datafield tag="101" ind1="-" ind2="1"><subfield code="p">Milne, David Brown</subfield><subfield code="d">1882-1953</subfield></datafield><datafield tag="101" ind1="-" ind2="1"><subfield code="p">Milne, David B.</subfield><subfield code="d">1882-1953</subfield></datafield><datafield tag="101" ind1="-" ind2="1"><subfield code="p">Brown Milne, David</subfield><subfield code="d">1882-1953</subfield></datafield><datafield tag="104" ind1="b" ind2="1"><subfield code="p">Lochnan, Katharine</subfield><subfield code="d">1946-</subfield><subfield code="9">(DE-588)129768545</subfield></datafield><datafield tag="105" ind1="-" ind2="1"><subfield code="p">Lochnan, Katharine Aileen</subfield><subfield code="d">1946-</subfield></datafield><datafield tag="105" ind1="-" ind2="1"><subfield code="p">Lochnan, Katharine Jordan</subfield><subfield code="d">1946-</subfield></datafield><datafield tag="105" ind1="-" ind2="1"><subfield code="p">Lochnan, Katherine Aileen</subfield><subfield code="d">1946-</subfield></datafield><datafield tag="105" ind1="-" ind2="1"><subfield code="p">Lochnan, K.</subfield><subfield code="d">1946-</subfield></datafield><datafield tag="105" ind1="-" ind2="1"><subfield code="p">Lochnan, Katharine A.</subfield><subfield code="d">1946-</subfield></datafield><datafield tag="105" ind1="-" ind2="1"><subfield code="p">Jordan Lochnan, Katharine</subfield><subfield code="d">1946-</subfield></datafield><datafield tag="105" ind1="-" ind2="1"><subfield code="p">Jordan, Katharine A.</subfield><subfield code="d">1946-</subfield></datafield><datafield tag="108" ind1="b" ind2="1"><subfield code="p">O&apos;Brian, John</subfield><subfield code="d">1944-</subfield><subfield code="b">[Beitr.]</subfield><subfield code="9">(DE-588)134138848</subfield></datafield><datafield tag="200" ind1="b" ind2="1"><subfield code="k">Art Gallery of Ontario</subfield><subfield code="9">(DE-588)1042203-1</subfield></datafield><datafield tag="201" ind1="-" ind2="1"><subfield code="k">Musée des Beaux-Arts de l&apos;Ontario</subfield></datafield><datafield tag="201" ind1="-" ind2="1"><subfield code="k">AGO</subfield></datafield><datafield tag="204" ind1="b" ind2="1"><subfield code="k">British Museum</subfield><subfield code="9">(DE-588)38379-X</subfield></datafield><datafield tag="205" ind1="-" ind2="1"><subfield code="k">&lt;&lt;The&gt;&gt; British Museum</subfield></datafield><datafield tag="205" ind1="-" ind2="1"><subfield code="k">&lt;&lt;Das&gt;&gt; Britische Museum</subfield></datafield><datafield tag="205" ind1="-" ind2="1"><subfield code="k">Britanskij Muzej</subfield></datafield><datafield tag="205" ind1="-" ind2="1"><subfield code="k">Daiei Hakubutsukan</subfield></datafield><datafield tag="205" ind1="-" ind2="1"><subfield code="k">Museum Britannicum</subfield></datafield><datafield tag="205" ind1="-" ind2="1"><subfield code="k">Musée Britannique</subfield></datafield><datafield tag="205" ind1="-" ind2="1"><subfield code="k">Britisches Museum</subfield></datafield><datafield tag="205" ind1="-" ind2="1"><subfield code="k">BM</subfield></datafield><datafield tag="205" ind1="-" ind2="1"><subfield code="k">Museu Britanico</subfield></datafield><datafield tag="205" ind1="-" ind2="1"><subfield code="k">London, British Museum</subfield></datafield><datafield tag="205" ind1="-" ind2="1"><subfield code="U">Kana</subfield><subfield code="k">ダイエイ ハクブツカン</subfield></datafield><datafield tag="205" ind1="-" ind2="1"><subfield code="U">Jpan</subfield><subfield code="k">大英博物館</subfield></datafield><datafield tag="331" ind1="-" ind2="1"><subfield code="a">David Milne - Watercolours</subfield></datafield><datafield tag="335" ind1="-" ind2="1"><subfield code="a">Painting toward the light [published on the occasion of David Milne Watercolours: Painting toward Light, the exhibition organized and circulated by the Art Gallery of Ontario, ... coincide with exhibitions held at the British Museum in London, July 7 - Sept. 25, 2005, the Metropolitan Museum of Art, New York, Nov. 8, 2005 - Jan. 29, 2006, and the Art Gallery of Ontario, Toronto, Feb. 25 - May 21, 2006]</subfield></datafield><datafield tag="359" ind1="-" ind2="1"><subfield code="a">Katharine Lochnan, with contributions by John O&apos;Brian ...</subfield></datafield><datafield tag="410" ind1="-" ind2="1"><subfield code="a">Vancouver</subfield></datafield><datafield tag="412" ind1="-" ind2="1"><subfield code="a">Douglas &amp; McIntyre</subfield></datafield><datafield tag="425" ind1="a" ind2="1"><subfield code="a">2005</subfield></datafield><datafield tag="433" ind1="-" ind2="1"><subfield code="a">192 S. : zahlr. Ill., teils farb.</subfield></datafield><datafield tag="540" ind1="a" ind2="1"><subfield code="a">1-55365-100-6</subfield></datafield><datafield tag="540" ind1="a" ind2="1"><subfield code="a">1-55365-133-2</subfield></datafield><datafield tag="902" ind1="-" ind2="1"><subfield code="p">Milne, David</subfield><subfield code="d">1882-1953</subfield><subfield code="9">(DE-588)119439735</subfield></datafield><datafield tag="902" ind1="-" ind2="1"><subfield code="s">Aquarell</subfield><subfield code="9">(DE-588)4002511-1</subfield></datafield><datafield tag="902" ind1="-" ind2="1"><subfield code="z">Geschichte 1911-1952</subfield></datafield><controlfield tag="SYS">017360778</controlfield><datafield tag="LOW" ind1="-" ind2="1"><subfield code="a">Z9049</subfield></datafield><datafield tag="LOW" ind1="-" ind2="1"><subfield code="a">K6001</subfield></datafield><datafield tag="952" ind1="-" ind2="1"><subfield code="p">Milne, David Brown</subfield><subfield code="d">1882-1953</subfield></datafield><datafield tag="952" ind1="-" ind2="1"><subfield code="p">Milne, David B.</subfield><subfield code="d">1882-1953</subfield></datafield><datafield tag="952" ind1="-" ind2="1"><subfield code="p">Brown Milne, David</subfield><subfield code="d">1882-1953</subfield></datafield><datafield tag="952" ind1="-" ind2="1"><subfield code="s">Aquarellmalerei</subfield></datafield><datafield tag="952" ind1="-" ind2="1"><subfield code="s">Aquarelle</subfield></datafield><datafield tag="088" ind1=" " ind2=" "><subfield code="a">Kn 3</subfield><subfield code="b">00020050</subfield><subfield code="c">KMB/K MILNE, 7  2005/06</subfield><subfield code="e">keine ILL</subfield></datafield><datafield tag="088" ind1=" " ind2=" "><subfield code="a">E 10</subfield><subfield code="b">MF</subfield><subfield code="c">Monogr.</subfield><subfield code="e">Ausleihbar</subfield></datafield></record></metadata></record></ListRecords></OAI-PMH>